<?xml version="1.0" encoding="UTF-8"?><collection xmlns="http://www.loc.gov/MARC21/slim"><record><leader>00683nam--2200205-i-4500</leader><controlfield tag="001">000012582</controlfield><controlfield tag="002">20161230</controlfield><controlfield tag="005">20161230201029</controlfield><controlfield tag="008">060222s1000------------r-----000-0-eng-d</controlfield><datafield ind1=" " ind2=" " tag="040"><subfield code="a">IFIN-HH</subfield></datafield><datafield ind1=" " ind2=" " tag="080"><subfield code="a">539.12.162.8:539.17</subfield></datafield><datafield ind1="1" ind2=" " tag="100"><subfield code="a">Korner, J.G</subfield></datafield><datafield ind1="1" ind2="0" tag="245"><subfield code="a">Lecture notes in physics. vol. 56. current induced reactions. international summer institute on theoretical particle physics in hamburg 1975</subfield><subfield code="c">J.g. korner, k. kramer, d. schildknecht (eds.)</subfield></datafield><datafield ind1=" " ind2=" " tag="260"><subfield code="a">Berlin</subfield><subfield code="b">Springer-verlag</subfield><subfield code="c">1976</subfield></datafield><datafield ind1=" " ind2=" " tag="300"><subfield code="a">553P</subfield></datafield><datafield ind1=" " ind2=" " tag="490"><subfield code="a">Lecture Notes In Physics, 56</subfield></datafield><datafield ind1=" " ind2=" " tag="700"><subfield code="a">Kramer,K</subfield><subfield code="e">Ed</subfield></datafield><datafield ind1="1" ind2=" " tag="700"><subfield code="a">Schildknecht, D</subfield><subfield code="e">Ed</subfield></datafield><datafield ind1=" " ind2=" " tag="852"><subfield code="a">33191</subfield><subfield code="c">53</subfield></datafield><datafield ind1=" " ind2=" " tag="CAT"><subfield code="a">Sys</subfield><subfield code="c">20150224</subfield><subfield code="h">155403</subfield></datafield></record></collection>